@article{Wang2012Multiclass,
  title={Multiclass Imbalance Problems: Analysis and Potential Solutions},
  author={Wang, Shuo and Yao, Xin},
  journal={IEEE Transactions on Systems Man \& Cybernetics Part B},
  volume={42},
  number={4},
  pages={1119-1130},
  year={2012},
}
@article{he2008learning,
  title={Learning from imbalanced data},
  author={He, Haibo and Garcia, Edwardo A},
  journal={IEEE Transactions on Knowledge \& Data Engineering},
  number={9},
  pages={1263--1284},
  year={2008},
  publisher={Ieee}
}
@article{van2009knowledge,
  title={Knowledge discovery from imbalanced and noisy data},
  author={Van Hulse, Jason and Khoshgoftaar, Taghi},
  journal={Data \& Knowledge Engineering},
  volume={68},
  number={12},
  pages={1513--1542},
  year={2009},
  publisher={Elsevier}
}
@inproceedings{ling1998data,
  title={Data mining for direct marketing: Problems and solutions.},
  author={Ling, Charles X and Li, Chenghui},
  booktitle={Kdd},
  volume={98},
  pages={73--79},
  year={1998}
}
@article{chawla2002smote,
  title={SMOTE: synthetic minority over-sampling technique},
  author={Chawla, Nitesh V and Bowyer, Kevin W and Hall, Lawrence O and Kegelmeyer, W Philip},
  journal={Journal of artificial intelligence research},
  volume={16},
  pages={321--357},
  year={2002}
}
@inproceedings{ha2016new,
  title={A new under-sampling method using genetic algorithm for imbalanced data classification},
  author={Ha, Jihyun and Lee, Jong-Seok},
  booktitle={Proceedings of the 10th International Conference on Ubiquitous Information Management and Communication},
  pages={95},
  year={2016},
  organization={ACM}
}
@article{sun2015novel,
  title={A novel ensemble method for classifying imbalanced data},
  author={Sun, Zhongbin and Song, Qinbao and Zhu, Xiaoyan and Sun, Heli and Xu, Baowen and Zhou, Yuming},
  journal={Pattern Recognition},
  volume={48},
  number={5},
  pages={1623--1637},
  year={2015},
  publisher={Elsevier}
}
@inproceedings{kubat1997addressing,
  title={Addressing the curse of imbalanced training sets: one-sided selection},
  author={Kubat, Miroslav and Matwin, Stan and others},
  booktitle={Icml},
  volume={97},
  pages={179--186},
  year={1997},
  organization={Nashville, USA}
}
@article{estabrooks2004multiple,
  title={A multiple resampling method for learning from imbalanced data sets},
  author={Estabrooks, Andrew and Jo, Taeho and Japkowicz, Nathalie},
  journal={Computational intelligence},
  volume={20},
  number={1},
  pages={18--36},
  year={2004},
  publisher={Wiley Online Library}
}
@inproceedings{barandela2004imbalanced,
  title={The imbalanced training sample problem: Under or over sampling?},
  author={Barandela, Ricardo and Valdovinos, Rosa M and S{\'a}nchez, J Salvador and Ferri, Francesc J},
  booktitle={Joint IAPR international workshops on statistical techniques in pattern recognition (SPR) and structural and syntactic pattern recognition (SSPR)},
  pages={806--814},
  year={2004},
  organization={Springer}
}
@inproceedings{spelmen2018review,
  title={A Review on Handling Imbalanced Data},
  author={Spelmen, Vimalraj S and Porkodi, R},
  booktitle={2018 International Conference on Current Trends towards Converging Technologies (ICCTCT)},
  pages={1--11},
  year={2018},
  organization={IEEE}
}
@inproceedings{li2017improved,
  title={An improved adaboost algorithm for imbalanced data based on weighted KNN},
  author={Li, Kewen and Xie, Peng and Zhai, Jiannan and Liu, Wenying},
  booktitle={2017 IEEE 2nd International Conference on Big Data Analysis (ICBDA)(},
  pages={30--34},
  year={2017},
  organization={IEEE}
}
@article{garcia2012effectiveness,
  title={On the effectiveness of preprocessing methods when dealing with different levels of class imbalance},
  author={Garc{\'\i}a, Vicente and S{\'a}nchez, Jos{\'e} Salvador and Mollineda, Ram{\'o}n Alberto},
  journal={Knowledge-Based Systems},
  volume={25},
  number={1},
  pages={13--21},
  year={2012},
  publisher={Elsevier}
}
@article{wang2012multiclass,
  title={Multiclass imbalance problems: Analysis and potential solutions},
  author={Wang, Shuo and Yao, Xin},
  journal={IEEE Transactions on Systems, Man, and Cybernetics, Part B (Cybernetics)},
  volume={42},
  number={4},
  pages={1119--1130},
  year={2012},
  publisher={IEEE}
}
@article{he2008learning,
  title={Learning from imbalanced data},
  author={He, Haibo and Garcia, Edwardo A},
  journal={IEEE Transactions on Knowledge \& Data Engineering},
  number={9},
  pages={1263--1284},
  year={2008},
  publisher={Ieee}
}
@article{van2009knowledge,
  title={Knowledge discovery from imbalanced and noisy data},
  author={Van Hulse, Jason and Khoshgoftaar, Taghi},
  journal={Data \& Knowledge Engineering},
  volume={68},
  number={12},
  pages={1513--1542},
  year={2009},
  publisher={Elsevier}
}
@inproceedings{hu2009msmote,
  title={MSMOTE: Improving classification performance when training data is imbalanced},
  author={Hu, Shengguo and Liang, Yanfeng and Ma, Lintao and He, Ying},
  booktitle={2009 second international workshop on computer science and engineering},
  volume={2},
  pages={13--17},
  year={2009},
  organization={IEEE}
}
@article{saez2015smote,
  title={SMOTE--IPF: Addressing the noisy and borderline examples problem in imbalanced classification by a re-sampling method with filtering},
  author={S{\'a}ez, Jos{\'e} A and Luengo, Juli{\'a}n and Stefanowski, Jerzy and Herrera, Francisco},
  journal={Information Sciences},
  volume={291},
  pages={184--203},
  year={2015},
  publisher={Elsevier}
}
@article{ali2019imbalance,
  title={Imbalance class problems in data mining: a review},
  author={Ali, Haseeb and Salleh, Mohd Najib Mohd and Saedudin, Rohmat and Hussain, Kashif and Mushtaq, Muhammad Faheem},
  journal={Indonesian Journal of Electrical Engineering and Computer Science},
  volume={14},
  number={3},
  pages={1560--1571},
  year={2019}
}
@inproceedings{spelmen2018review,
  title={A Review on Handling Imbalanced Data},
  author={Spelmen, Vimalraj S and Porkodi, R},
  booktitle={2018 International Conference on Current Trends towards Converging Technologies (ICCTCT)},
  pages={1--11},
  year={2018},
  organization={IEEE}
}
@article{haixiang2017learning,
  title={Learning from class-imbalanced data: Review of methods and applications},
  author={Haixiang, Guo and Yijing, Li and Shang, Jennifer and Mingyun, Gu and Yuanyue, Huang and Bing, Gong},
  journal={Expert Systems with Applications},
  volume={73},
  pages={220--239},
  year={2017},
  publisher={Elsevier}
}
@inproceedings{han2005borderline,
  title={Borderline-SMOTE: a new over-sampling method in imbalanced data sets learning},
  author={Han, Hui and Wang, Wen-Yuan and Mao, Bing-Huan},
  booktitle={International conference on intelligent computing},
  pages={878--887},
  year={2005},
  organization={Springer}
}
@inproceedings{hu2009msmote,
  title={MSMOTE: Improving classification performance when training data is imbalanced},
  author={Hu, Shengguo and Liang, Yanfeng and Ma, Lintao and He, Ying},
  booktitle={2009 second international workshop on computer science and engineering},
  volume={2},
  pages={13--17},
  year={2009},
  organization={IEEE}
}
@article{saez2015smote,
  title={SMOTE--IPF: Addressing the noisy and borderline examples problem in imbalanced classification by a re-sampling method with filtering},
  author={S{\'a}ez, Jos{\'e} A and Luengo, Juli{\'a}n and Stefanowski, Jerzy and Herrera, Francisco},
  journal={Information Sciences},
  volume={291},
  pages={184--203},
  year={2015},
  publisher={Elsevier}
}
@inproceedings{laurikkala2001improving,
  title={Improving identification of difficult small classes by balancing class distribution},
  author={Laurikkala, Jorma},
  booktitle={Conference on Artificial Intelligence in Medicine in Europe},
  pages={63--66},
  year={2001},
  organization={Springer}
}
@article{breiman1996bagging,
  title={Bagging predictors},
  author={Breiman, Leo},
  journal={Machine learning},
  volume={24},
  number={2},
  pages={123--140},
  year={1996},
  publisher={Springer}
}
@inproceedings{chawla2003smoteboost,
  title={SMOTEBoost: Improving prediction of the minority class in boosting},
  author={Chawla, Nitesh V and Lazarevic, Aleksandar and Hall, Lawrence O and Bowyer, Kevin W},
  booktitle={European conference on principles of data mining and knowledge discovery},
  pages={107--119},
  year={2003},
  organization={Springer}
}
@article{cohen2006learning,
  title={Learning from imbalanced data in surveillance of nosocomial infection},
  author={Cohen, Gilles and Hilario, M{\'e}lanie and Sax, Hugo and Hugonnet, St{\'e}phane and Geissbuhler, Antoine},
  journal={Artificial intelligence in medicine},
  volume={37},
  number={1},
  pages={7--18},
  year={2006},
  publisher={Elsevier}
}
@article{yong2012research,
  title={The research of imbalanced data set of sample sampling method based on K-means cluster and genetic algorithm},
  author={Yong, Yang},
  journal={Energy Procedia},
  volume={17},
  pages={164--170},
  year={2012},
  publisher={Elsevier}
}
@article{Wang2019research,
  title={新的基于代价敏感集成学习的非平衡数据集分类方法NIBoost},
  author={王莉 and 陈红梅 and 王生武},
  volume={39},
  pages={629--633},
  year={2019},
  journal={计算机应用}
}

@article{Zhao2019research,
  title={一种非平衡数据分类的过采样随机森林算法},
  author={赵锦阳 and 卢会国 and 蒋娟萍 and 袁培培 and 柳学丽},
  journal={计算机应用与软件},
  volume={36},
  pages={255-261+316},
  year={2019},
}
@article{garcia2012effectiveness,
  title={On the effectiveness of preprocessing methods when dealing with different levels of class imbalance},
  author={Garc{\'\i}a, Vicente and S{\'a}nchez, Jos{\'e} Salvador and Mollineda, Ram{\'o}n Alberto},
  journal={Knowledge-Based Systems},
  volume={25},
  number={1},
  pages={13--21},
  year={2012},
  publisher={Elsevier}
}
@inproceedings{rayhan2017cusboost,
  title={Cusboost: cluster-based under-sampling with boosting for imbalanced classification},
  author={Rayhan, Farshid and Ahmed, Sajid and Mahbub, Asif and Jani, Rafsan and Shatabda, Swakkhar and Farid, Dewan Md},
  booktitle={2017 2nd International Conference on Computational Systems and Information Technology for Sustainable Solution (CSITSS)},
  pages={1--5},
  year={2017},
  organization={IEEE}
}
@article{freund1999short,
  title={A short introduction to boosting},
  author={Freund, Yoav and Schapire, Robert and Abe, Naoki},
  journal={Journal-Japanese Society For Artificial Intelligence},
  volume={14},
  number={771-780},
  pages={1612},
  year={1999},
  publisher={JAPANESE SOC ARTIFICIAL INTELL}
}
@article{freund1997decision,
  title={A decision-theoretic generalization of on-line learning and an application to boosting},
  author={Freund, Yoav and Schapire, Robert E},
  journal={Journal of computer and system sciences},
  volume={55},
  number={1},
  pages={119--139},
  year={1997},
  publisher={Elsevier}
}
@article{schapire1990strength,
  title={The strength of weak learnability},
  author={Schapire, Robert E},
  journal={Machine learning},
  volume={5},
  number={2},
  pages={197--227},
  year={1990},
  publisher={Springer}
}
@article{sun2009classification,
  title={Classification of imbalanced data: A review},
  author={Sun, Yanmin and Wong, Andrew KC and Kamel, Mohamed S},
  journal={International Journal of Pattern Recognition and Artificial Intelligence},
  volume={23},
  number={04},
  pages={687--719},
  year={2009},
  publisher={World Scientific}
}